@Book{xie2015,
  title = {Dynamic Documents with {R} and knitr},
  author = {Yihui Xie},
  publisher = {Chapman and Hall/CRC},
  address = {Boca Raton, Florida},
  year = {2015},
  edition = {2nd},
  note = {ISBN 978-1498716963},
  url = {http://yihui.name/knitr/},
}

@article{Wang:2019ig,
author = {Wang, Ruohong and Yin, Yandong and Zhu, Zheng-Jiang},
title = {{Advancing untargeted metabolomics using data-independent acquisition mass spectrometry technology.}},
journal = {Analytical and bioanalytical chemistry},
year = {2019},
volume = {411},
number = {19},
pages = {4349--4357},
month = jul
}

@Misc{dtcoversion,
howpublished = {\url{https://ccms-ucsd.github.io/GNPSDocumentation/fileconversion/}},
note = {Accessed September 2, 2019},
year = {2019},
title = {Mass Spectrometry File Conversion},
author = {GNPS}
}

@article{Kuhl:2011fy,
author = {Kuhl, Carsten and Tautenhahn, Ralf and B{\"o}ttcher, Christoph and Larson, Tony R and Neumann, Steffen},
title = {{CAMERA: an integrated strategy for compound spectra extraction and annotation of liquid chromatography/mass spectrometry data sets.}},
journal = {Analytical Chemistry},
year = {2012},
volume = {84},
number = {1},
pages = {283--289},
month = jan
}

